@INPROCEEDINGS{1,
  author={ {Beilei Hu} and  {Bing Zheng} and  {Yu Yang} and  {Yanan Wen}},
  booktitle={2013 OCEANS - San Diego}, 
  title={Underwater image color correct in extremely poor visibility}, 
  year={2013},
  volume={},
  number={},
  pages={1-4},
  doi={10.23919/OCEANS.2013.6741113}
}

@article {2,
	title = {Underwater image and video dehazing with pure haze region segmentation},
	doi = {10.1016/j.cviu.2017.08.003},
	eissn = {1090-235X},
	issn = {1077-3142},
	journal = {Computer Vision and Image Understanding},
	pages = {145-156},
	publicationstatus = {Published},
	publisher = {Elsevier},
	url = {https://uwe-repository.worktribe.com/output/862635},
	volume = {168},
	keyword = {dehazing, image processing, segmentation, underwater, white balancing, video processing},
	year = {2018},
	author = {Emberton, Simon and Chittka, Lars and Cavallaro, Andrea}
}

@INPROCEEDINGS{3,
  author={Y. {Peng} and X. {Zhao} and P. C. {Cosman}},
  booktitle={2015 IEEE International Conference on Image Processing (ICIP)}, 
  title={Single underwater image enhancement using depth estimation based on blurriness}, 
  year={2015},
  volume={},
  number={},
  pages={4952-4956},
  doi={10.1109/ICIP.2015.7351749}
}

@ARTICLE{4,
    author = {Kashif Iqbal and Rosalina Abdul Salam and Azam Osman and Abdullah Zawawi Talib},
    title = {Underwater image enhancement using an integrated colour model},
    journal = {International Journal Of Computer Science},
    year = {2007},
    pages = {239--244}
}

@ARTICLE{5,
  author={M. {Li} and J. {Liu} and W. {Yang} and X. {Sun} and Z. {Guo}},
  journal={IEEE Transactions on Image Processing}, 
  title={Structure-Revealing Low-Light Image Enhancement Via Robust Retinex Model}, 
  year={2018},
  volume={27},
  number={6},
  pages={2828-2841},
  doi={10.1109/TIP.2018.2810539}
}

@ARTICLE{6,
  author={S. -B. {Gao} and M. {Zhang} and Q. {Zhao} and X. -S. {Zhang} and Y. -J. {Li}},
  journal={IEEE Transactions on Image Processing}, 
  title={Underwater Image Enhancement Using Adaptive Retinal Mechanisms}, 
  year={2019},
  volume={28},
  number={11},
  pages={5580-5595},
  doi={10.1109/TIP.2019.2919947}
}

@ARTICLE{7,
  author={C. {Li} and J. {Guo} and C. {Guo}},
  journal={IEEE Signal Processing Letters}, 
  title={Emerging From Water: Underwater Image Color Correction Based on Weakly Supervised Color Transfer}, 
  year={2018},
  volume={25},
  number={3},
  pages={323-327},
  doi={10.1109/LSP.2018.2792050}
}


@INPROCEEDINGS{8,
  author={H. {Yang} and P. {Chen} and C. {Huang} and Y. {Zhuang} and Y. {Shiau}},
  booktitle={2011 Second International Conference on Innovations in Bio-inspired Computing and Applications}, 
  title={Low Complexity Underwater Image Enhancement Based on Dark Channel Prior}, 
  year={2011},
  volume={},
  number={},
  pages={17-20},
  doi={10.1109/IBICA.2011.9}
}

@INPROCEEDINGS{9,
  author={A. {Khan} and S. S. A. {Ali} and A. S. {Malik} and A. {Anwer} and F. {Meriaudeau}},
  booktitle={2016 IEEE International Conference on Underwater System Technology: Theory and Applications (USYS)}, 
  title={Underwater image enhancement by wavelet based fusion}, 
  year={2016},
  volume={},
  number={},
  pages={83-88},
  doi={10.1109/USYS.2016.7893927}
}

@INPROCEEDINGS{10,
  author={P. {Honnutagi} and V. D. {Mytri} and Y. S. {Lalitha}},
  booktitle={2018 International Conference on Electrical, Electronics, Communication, Computer, and Optimization Techniques (ICEECCOT)}, 
  title={Optimized Weight Maps and Fusion for Underwater Image Enhancement}, 
  year={2018},
  volume={},
  number={},
  pages={1654-1658},
  doi={10.1109/ICEECCOT43722.2018.9001568}
}

@INPROCEEDINGS{11,
  author={Z. {Mi} and Z. {Liang} and Y. {Wang} and X. {Fu} and Z. {Chen}},
  booktitle={2018 OCEANS - MTS/IEEE Kobe Techno-Oceans (OTO)}, 
  title={Multi-Scale Gradient Domain Underwater Image Enhancement}, 
  year={2018},
  volume={},
  number={},
  pages={1-5},
  doi={10.1109/OCEANSKOBE.2018.8559180}
}

@INPROCEEDINGS{12,
  author={Y. {Wang} and X. {Ding} and R. {Wang} and J. {Zhang} and X. {Fu}},
  booktitle={2017 IEEE International Conference on Industrial Technology (ICIT)}, 
  title={Fusion-based underwater image enhancement by wavelet decomposition}, 
  year={2017},
  volume={},
  number={},
  pages={1013-1018},
  doi={10.1109/ICIT.2017.7915500}
}

@ARTICLE{13,
  author={J. Y. {Chiang} and Y. {Chen}},
  journal={IEEE Transactions on Image Processing}, 
  title={Underwater Image Enhancement by Wavelength Compensation and Dehazing}, 
  year={2012},
  volume={21},
  number={4},
  pages={1756-1769},
  doi={10.1109/TIP.2011.2179666}
}

@INPROCEEDINGS{14,
  author={F. {Farhadifard} and Z. {Zhou} and U. F. {von Lukas}},
  booktitle={2015 9th International Symposium on Image and Signal Processing and Analysis (ISPA)}, 
  title={Learning-based underwater image enhancement with adaptive color mapping}, 
  year={2015},
  volume={},
  number={},
  pages={48-53},
  doi={10.1109/ISPA.2015.7306031}
}

@ARTICLE{15,
  author={Y. {Wang} and W. {Song} and G. {Fortino} and L. {Qi} and W. {Zhang} and A. {Liotta}},
  journal={IEEE Access}, 
  title={An Experimental-Based Review of Image Enhancement and Image Restoration Methods for Underwater Imaging}, 
  year={2019},
  volume={7},
  number={},
  pages={140233-140251},
  doi={10.1109/ACCESS.2019.2932130}
}

@ARTICLE{16,
  author={C. O. {Ancuti} and C. {Ancuti} and C. {De Vleeschouwer} and P. {Bekaert}},
  journal={IEEE Transactions on Image Processing}, 
  title={Color Balance and Fusion for Underwater Image Enhancement}, 
  year={2018},
  volume={27},
  number={1},
  pages={379-393},
  doi={10.1109/TIP.2017.2759252}
}

@ARTICLE{17,
  author={Y. {Zhou} and Q. {Wu} and K. {Yan} and L. {Feng} and W. {Xiang}},
  journal={IEEE Transactions on Circuits and Systems for Video Technology}, 
  title={Underwater Image Restoration Using Color-Line Model}, 
  year={2019},
  volume={29},
  number={3},
  pages={907-911},
  doi={10.1109/TCSVT.2018.2884615}
}

@ARTICLE{18,
  author={M. {Yang} and A. {Sowmya}},
  journal={IEEE Transactions on Image Processing}, 
  title={An Underwater Color Image Quality Evaluation Metric}, 
  year={2015},
  volume={24},
  number={12},
  pages={6062-6071},
  doi={10.1109/TIP.2015.2491020}
}

@INPROCEEDINGS{19,
  author={Y. Y. {Schechner} and N. {Karpel}},
  booktitle={Proceedings of the 2004 IEEE Computer Society Conference on Computer Vision and Pattern Recognition, 2004. CVPR 2004.}, 
  title={Clear underwater vision}, 
  year={2004},
  volume={1},
  number={},
  pages={I-I},
  doi={10.1109/CVPR.2004.1315078}
}

@INPROCEEDINGS{20,
  author={Y. {Yang} and X. {Xu}},
  booktitle={2020 22nd International Conference on Advanced Communication Technology (ICACT)}, 
  title={A Underwater Image Enhanced Algorithm combined MSR and Channel Energy}, 
  year={2020},
  volume={},
  number={},
  pages={348-349},
  doi={10.23919/ICACT48636.2020.9061370}
}

@ARTICLE{21,
  author={C. {Li} and J. {Guo} and R. {Cong} and Y. {Pang} and B. {Wang}},
  journal={IEEE Transactions on Image Processing}, 
  title={Underwater Image Enhancement by Dehazing With Minimum Information Loss and Histogram Distribution Prior}, 
  year={2016},
  volume={25},
  number={12},
  pages={5664-5677},
  doi={10.1109/TIP.2016.2612882}
}

@InProceedings{22,
author="Perez, Javier
and Attanasio, Aleks C.
and Nechyporenko, Nataliya
and Sanz, Pedro J.",
editor="Ferr{\'a}ndez Vicente, Jos{\'e} Manuel
and {\'A}lvarez-S{\'a}nchez, Jos{\'e} Ram{\'o}n
and de la Paz L{\'o}pez, F{\'e}lix
and Toledo Moreo, Javier
and Adeli, Hojjat",
title="A Deep Learning Approach for Underwater Image Enhancement",
booktitle="Biomedical Applications Based on Natural and Artificial Computing",
year="2017",
publisher="Springer International Publishing",
address="Cham",
pages="183--192",
isbn="978-3-319-59773-7"
}

@ARTICLE{23,
  author={J. {Li} and K. A. {Skinner} and R. M. {Eustice} and M. {Johnson-Roberson}},
  journal={IEEE Robotics and Automation Letters}, 
  title={WaterGAN: Unsupervised Generative Network to Enable Real-Time Color Correction of Monocular Underwater Images}, 
  year={2018},
  volume={3},
  number={1},
  pages={387-394},
  doi={10.1109/LRA.2017.2730363}
}

@incollection{24,
title = {6 - Theory and implementation of image fusion methods based on the รก trous algorithm},
editor = {Tania Stathaki},
booktitle = {Image Fusion},
publisher = {Academic Press},
address = {Oxford},
pages = {139-155},
year = {2008},
isbn = {978-0-12-372529-5},
doi = {https://doi.org/10.1016/B978-0-12-372529-5.00014-7},
url = {https://www.sciencedirect.com/science/article/pii/B9780123725295000147},
author = {Xavier Otazu}
}

@INPROCEEDINGS{25,
  author={ {Liu Chao} and  {Meng Wang}},
  booktitle={2010 2nd International Conference on Computer Engineering and Technology}, 
  title={Removal of water scattering}, 
  year={2010},
  volume={2},
  number={},
  pages={V2-35-V2-39},
  doi={10.1109/ICCET.2010.5485339}
}
